
@book{book-mastering-k8s,
	author       = {Gigi Sayfan, TODO},
	title        = {Mastering Kubernetes},
	publisher    = {Packt Publishing},
	date         = {2018},
  ISBN         = {978-1788999786},
  edition      = {2},
	keywords     = {trusted},
}
@book{book-cndwk,
	author       = {John Arundel, Justin Domingus},
	title        = {Cloud Native DevOps with Kubernetes: Building, Deploying, and Scaling Modern Applications in the Cloud},
	publisher    = {O'Reilly Media},
	date         = {2019},
  ISBN         = {978-1492040767},
  edition      = {1},
	keywords     = {trusted},
}
@online{k8s-cluster,
    author = "Kubernetes Community",
    title = "Using Minikube to Create a Cluster",
    url  = "https://kubernetes.io/docs/tutorials/kubernetes-basics/create-cluster/cluster-intro/",
    addendum = "(accessed: 10.04.2020)",
    keywords = "kubernetes.io,cluster"
}
@online{k8s-components,
    author = "Kubernetes Community",
    title = "Kubernetes Components",
    url  = "https://kubernetes.io/docs/concepts/overview/components/",
    addendum = "(accessed: 10.04.2020)",
    keywords = "kubernetes.io,components"
}
@online{k8s-net,
    author = "Kubernetes Community",
    title = "Cluster Networking",
    url  = "https://kubernetes.io/docs/concepts/cluster-administration/networking/",
    addendum = "(accessed: 10.04.2020)",
    keywords = "kubernetes.io,net"
}
